@String { aaai        = {AAAI Conference on Artificial Intelligence (AAAI)} }
@String { aamas       = {International Conference on Autonomous Agents and Multiagent Systems (AAMAS)} }
@String { acc         = {American Control Conference (ACC)} }
@String { aiaa_info   = {AIAA Infotech@Aerospace Conference} }
@String { aiaa_jacic  = {Journal of Aerospace Computing, Information, and Communication} }
@String { allerton    = {Allerton Conference on Communication, Control, and Compution} }
@String { atio        = {AIAA Aviation Technology, Integration, and Operations Conference (ATIO)} }
@String { cacm        = {Communications of the ACM} }
@String { cav         = {International Conference on Computer-Aided Verification} }
@String { cdc         = {IEEE Conference on Decision and Control (CDC)} }
@String { cvpr        = {IEEE Computer Society Conference on Computer Vision and Pattern Recognition (CVPR)} }
@String { dasc        = {Digital Avionics Systems Conference (DASC)} }
@String { ecml        = {European Conference on Machine Learning (ECML)} }
@String { gnc         = {AIAA Guidance, Navigation, and Control Conference (GNC)} }
@String { icaart      = {International Conference on Agents and Artificial Intelligence (ICAART)} }
@String { icaps       = {International Conference on Automated Planning and Scheduling (ICAPS)} }
@String { icassp      = {International Conference on Acoustics, Speech, and Signal Processing (ICASSP)} }
@String { iclr        = {International Conference on Learning Representations} }
@String { icml        = {International Conference on Machine Learning (ICML)} }
@String { icmla       = {International Conference on Machine Learning and Applications (ICMLA)} }
@String { icra        = {IEEE International Conference on Robotics and Automation (ICRA)} }
@String { icslp       = {International Conference on Spoken Language Processing (ICSLP)} }
@String { iccv        = {{IEEE} International Conference on Computer Vision (ICCV)} }
@String { ieee_csm    = {IEEE Control Systems Magazine} }
@String { ieee_j_ac   = {IEEE Transactions on Automatic Control} }
@String { ieeeaero    = {IEEE Aerospace Conference} }
@String { ieeeciaig   = {IEEE Transactions on Computational Intelligence and AI in Games} }
@String { ieeecst     = {IEEE Transactions on Control Systems Technology} }
@String { ieeetac     = {IEEE Transactions on Automatic Control} }
@String { ieeetsp     = {IEEE Transactions on Signal Processing} }
@String { ijcai       = {International Joint Conference on Artificial Intelligence (IJCAI)} }
@String { ijrr        = {International Journal of Robotics Research} }
@String { interspeech = {Annual Conference of the International Speech Communication Association (INTERSPEECH)} }
@String { iros        = {IEEE/RSJ International Conference on Intelligent Robots and Systems (IROS)} }
@String { itsc        = {IEEE International Conference on Intelligent Transportation Systems (ITSC)} }
@String { iv          = {IEEE Intelligent Vehicles Symposium (IV)} }
@String { jaamas      = {Journal of Autonomous Agents and Multi-Agent Systems} }
@String { jair        = {Journal of Artificial Intelligence Research} }
@String { jfr         = {Journal of Fields Robotics} }
@String { jgcd        = {AIAA Journal of Guidance, Control, and Dynamics} }
@String { jmlr        = {Journal of Machine Learning Research} }
@String { jota        = {Journal of Optimization Theory and Applications} }
@String { lion        = {Learning and Intelligent Optimization (LION)} }
@String { mit         = {Massachusetts Institute of Technology} }
@String { mitaa       = {Massachusetts Institute of Technology, Department of Aeronautics and Astronautics} }
@String { mitee       = {Massachusetts Institute of Technology, Department of Electrical Engineering and Computer Science} }
@String { mitme       = {Massachusetts Institute of Technology, Department of Mechanical Engineering} }
@String { mor         = {Mathematics of Operations Research} }
@String { nips        = {Advances in Neural Information Processing Systems (NIPS)} }
@String { or          = {Operations Research} }
@String { rss         = {Robotics: Science and Systems} }
@String { sigcomm     = {ACM Special Interest Group on Data Communication (SIGCOMM)} }
@String { suaa        = {Stanford University, Department of Aeronautics and Astronautics} }
@String { suee        = {Stanford University, Department of Electrical Engineering} }
@String { sume        = {Stanford University, Department of Mechanical Engineering} }
@String { tac         = {IEEE Transactions on Automatic Control} }
@String { tacas       = {International Conference on Tools and Algorithms for the Construction and Analysis of Systems (TACAS)} }
@String { taes        = {IEEE Transactions on Aerospace and Electronic Systems} }
@String { uai         = {Conference on Uncertainty in Artificial Intelligence (UAI)} }


@article{bai2014,
author    = {Haoyu Bai and
        David Hsu and
        Wee Sun Lee},
title     = {Integrated perception and planning in the continuous space: {A} {POMDP}
approach},
journal   = ijrr,
volume    = {33},
number    = {9},
pages     = {1288--1302},
year      = {2014},
url       = {https://doi.org/10.1177/0278364914528255},
doi       = {10.1177/0278364914528255},
timestamp = {Thu, 18 May 2017 09:54:59 +0200},
biburl    = {https://dblp.org/rec/bib/journals/ijrr/BaiHL14},
bibsource = {dblp computer science bibliography, https://dblp.org}
}

@inproceedings{silver2010,
    author    = {David Silver and
            Joel Veness},
    title     = {Monte-Carlo Planning in Large {POMDPs}},
    booktitle = nips,
    pages     = {2164--2172},
    year      = {2010},
    url       = {http://papers.nips.cc/paper/4031-monte-carlo-planning-in-large-pomdps},
    timestamp = {Thu, 11 Dec 2014 17:34:08 +0100},
    biburl    = {https://dblp.org/rec/bib/conf/nips/SilverV10},
    bibsource = {dblp computer science bibliography, https://dblp.org}
}


@article{mnih2015,
    author    = {Volodymyr Mnih and
            Koray Kavukcuoglu and
            David Silver and
            Andrei A. Rusu and
            Joel Veness and
            Marc G. Bellemare and
            Alex Graves and
            Martin A. Riedmiller and
            Andreas Fidjeland and
            Georg Ostrovski and
            Stig Petersen and
            Charles Beattie and
            Amir Sadik and
            Ioannis Antonoglou and
            Helen King and
            Dharshan Kumaran and
            Daan Wierstra and
            Shane Legg and
            Demis Hassabis},
    title     = {Human-level control through deep reinforcement learning},
    journal   = {Nature},
    volume    = {518},
    number    = {7540},
    pages     = {529--533},
    year      = {2015},
    url       = {https://doi.org/10.1038/nature14236},
    doi       = {10.1038/nature14236},
    timestamp = {Wed, 14 Nov 2018 10:30:43 +0100},
    biburl    = {https://dblp.org/rec/bib/journals/nature/MnihKSRVBGRFOPB15},
    bibsource = {dblp computer science bibliography, https://dblp.org}
}